@techreport{Localization,
	author = {C. Hekimian-Williams and B. Grant and X. Liu and Z.ZHang and P.Kumer},
	title = {Accurate Localization of RFID Tags Using Phase Diference},
	type = {Doctoral Dissertation},
	number = {draft-osamu-v6ops-ipv4-literal-in-url-02},
	year = {2017},
}

@techreport{MSMA,
	author = {Nitish Rajoria},
	title = {Multi-Carrier Backscatter Communication System for Concurrent Wireless and Batteryless Sensing},
	type = {Doctoral Dissertation},
	number = {draft-osamu-v6ops-ipv4-literal-in-url-02},
	year = {2017},
}
